<?xml version="1.0" encoding="UTF-8"?><collection xmlns="http://www.loc.gov/MARC21/slim"><record><leader>00539nam--2200193-i-4500</leader><controlfield tag="001">000048670</controlfield><controlfield tag="002">20161230</controlfield><controlfield tag="005">20161230201047</controlfield><controlfield tag="008">060222s1000------------r-----000-0-rus-d</controlfield><datafield ind1=" " ind2=" " tag="040"><subfield code="a">IFIN-HH</subfield></datafield><datafield ind1=" " ind2=" " tag="041"><subfield code="a">rus</subfield></datafield><datafield ind1=" " ind2=" " tag="080"><subfield code="a">539.216.23:621.315.59</subfield></datafield><datafield ind1="1" ind2=" " tag="100"><subfield code="a">Kolesko, V.M</subfield></datafield><datafield ind1="1" ind2="0" tag="245"><subfield code="a">Polikristalliceskie plenki poluprovodnikov v mikroelektronike</subfield><subfield code="c">V.m. kolesko, a.a. kovalevskii</subfield></datafield><datafield ind1=" " ind2=" " tag="260"><subfield code="a">Moskva</subfield><subfield code="b">Nauka I Tehnika</subfield><subfield code="c">1978</subfield></datafield><datafield ind1=" " ind2=" " tag="300"><subfield code="a">342P</subfield></datafield><datafield ind1="1" ind2=" " tag="700"><subfield code="a">Kovalevskii , A.A</subfield></datafield><datafield ind1=" " ind2=" " tag="852"><subfield code="a">47346</subfield><subfield code="c">539.21</subfield></datafield><datafield ind1=" " ind2=" " tag="CAT"><subfield code="a">Sys</subfield><subfield code="c">20121206</subfield><subfield code="h">121915</subfield></datafield></record></collection>